@incollection{Osyczka1985193,
title = "7 - Multicriteria optimization for engineering design ",
editor = "Gero, John S. ",
booktitle = "Design Optimization ",
publisher = "Academic Press",
edition = "",
address = "",
year = "1985",
pages = "193 - 227",
isbn = "978-0-12-280910-1",
doi = "https://doi.org/10.1016/B978-0-12-280910-1.50012-X",
url = "http://www.sciencedirect.com/science/article/pii/B978012280910150012X",
author = "Andrzej Osyczka"
}

@inproceedings{qi2014moea,
  title={Moea/d with a delaunay triangulation based weight adjustment},
  author={Qi, Yutao and Ma, Xiaoliang and Yin, Minglei and Liu, Fang and Wei, Jingxuan},
  booktitle={Proceedings of the Companion Publication of the 2014 Annual Conference on Genetic and Evolutionary Computation},
  pages={93--94},
  year={2014},
  organization={ACM}
}

@inproceedings{jiang2011multiobjective,
  title={Multiobjective optimization by decomposition with Pareto-adaptive weight vectors},
  author={Jiang, Siwei and Cai, Zhihua and Zhang, Jie and Ong, Yew-Soon},
  booktitle={Natural Computation (ICNC), 2011 Seventh International Conference on},
  volume={3},
  pages={1260--1264},
  year={2011},
  organization={IEEE}
}

@article{li2011adaptive,
  title={An adaptive evolutionary multi-objective approach based on simulated annealing},
  author={Li, Hui and Landa-Silva, Dario},
  journal={Evolutionary Computation},
  volume={19},
  number={4},
  pages={561--595},
  year={2011},
  publisher={MIT Press}
}

@inproceedings{zapotecas2015low,
  title={On the low-discrepancy sequences and their use in MOEA/D for high-dimensional objective spaces},
  author={Zapotecas-Mart{\'\i}nez, Saul and Aguirre, Hern{\'a}n E and Tanaka, Kiyoshi and Coello, Carlos A Coello},
  booktitle={Evolutionary Computation (CEC), 2015 IEEE Congress on},
  pages={2835--2842},
  year={2015},
  organization={IEEE}
}

@article{rudolph1994convergence,
  title={Convergence analysis of canonical genetic algorithms},
  author={Rudolph, G{\"u}nter},
  journal={IEEE transactions on neural networks},
  volume={5},
  number={1},
  pages={96--101},
  year={1994},
  publisher={IEEE}
}
@article{deb1999multi,
  title={Multi-objective genetic algorithms: Problem difficulties and construction of test problems},
  author={Deb, Kalyanmoy},
  journal={Evolutionary computation},
  volume={7},
  number={3},
  pages={205--230},
  year={1999},
  publisher={MIT Press}
}
@article{liao2008multiobjective,
  title={Multiobjective optimization for crash safety design of vehicles using stepwise regression model},
  author={Liao, Xingtao and Li, Qing and Yang, Xujing and Zhang, Weigang and Li, Wei},
  journal={Structural and multidisciplinary optimization},
  volume={35},
  number={6},
  pages={561--569},
  year={2008},
  publisher={Springer}
}
@article{keskin2006application,
  title={Application of multi-objective optimization to axial compressor preliminary design☆☆ This article was presented at the German Aerospace Congress 2005.},
  author={Keskin, Akin and Bestle, Dieter},
  journal={Aerospace science and technology},
  volume={10},
  number={7},
  pages={581--589},
  year={2006},
  publisher={Elsevier}
}
@article{you2012optimal,
  title={Optimal design of sustainable cellulosic biofuel supply chains: multiobjective optimization coupled with life cycle assessment and input--output analysis},
  author={You, Fengqi and Tao, Ling and Graziano, Diane J and Snyder, Seth W},
  journal={AIChE Journal},
  volume={58},
  number={4},
  pages={1157--1180},
  year={2012},
  publisher={Wiley Online Library}
}
@article{affi2007advanced,
  title={Advanced mechatronic design using a multi-objective genetic algorithm optimization of a motor-driven four-bar system},
  author={Affi, Zouhaier and Badreddine, EL and Romdhane, Lotfi},
  journal={Mechatronics},
  volume={17},
  number={9},
  pages={489--500},
  year={2007},
  publisher={Elsevier}
}

@inproceedings{ishibuchi2008evolutionary,
  title={Evolutionary many-objective optimization: A short review},
  author={Ishibuchi, Hisao and Tsukamoto, Noritaka and Nojima, Yusuke},
  booktitle={Evolutionary Computation, 2008. CEC 2008.(IEEE World Congress on Computational Intelligence). IEEE Congress on},
  pages={2419--2426},
  year={2008},
  organization={IEEE}
}

@inproceedings{purshouse2003evolutionary,
  title={Evolutionary many-objective optimisation: An exploratory analysis},
  author={Purshouse, Robin C and Fleming, Peter J},
  booktitle={Evolutionary Computation, 2003. CEC'03. The 2003 Congress on},
  volume={3},
  pages={2066--2073},
  year={2003},
  organization={IEEE}
}

@Inbook{Giagkiozis2013,
author="Giagkiozis, Ioannis
and Purshouse, Robin C.
and Fleming, Peter J.",
editor="Purshouse, Robin C.
and Fleming, Peter J.
and Fonseca, Carlos M.
and Greco, Salvatore
and Shaw, Jane",
title="Generalized Decomposition",
bookTitle="Evolutionary Multi-Criterion Optimization: 7th International Conference, EMO 2013, Sheffield, UK, March 19-22, 2013. Proceedings",
year="2013",
publisher="Springer Berlin Heidelberg",
address="Berlin, Heidelberg",
pages="428--442",
abstract="Decomposition-based algorithms seem promising for many-objective optimization problems. However, the issue of selecting a set of weighting vectors for more than two objectives is still unresolved and ad-hoc methods are predominantly used. In the present work, a novel concept is introduced which we call generalized decomposition. Generalized decomposition enables the analyst to adapt the generated distribution of Pareto optimal points, according to the preferences of the decision maker. Also it is shown that generalized decomposition unifies the three performance objectives in multi-objective optimization algorithms to only one, that of convergence to the Pareto front.",
isbn="978-3-642-37140-0",
doi="10.1007/978-3-642-37140-0_33",
url="https://doi.org/10.1007/978-3-642-37140-0_33"
}

@article{coello1999comprehensive,
  title={A comprehensive survey of evolutionary-based multiobjective optimization techniques},
  author={Coello, Carlos A Coello and others},
  journal={Knowledge and Information systems},
  volume={1},
  number={3},
  pages={129--156},
  year={1999}
}

@book{coello2007evolutionary,
  title={Evolutionary algorithms for solving multi-objective problems},
  author={Coello, Carlos A Coello and Lamont, Gary B and Van Veldhuizen, David A and others},
  volume={5},
  year={2007},
  publisher={Springer}
}


@book{mie99,
  added-at = {2010-11-11T15:22:40.000+0100},
  author = {Miettinen, K.},
  biburl = {https://www.bibsonomy.org/bibtex/241c07e88cb7d7974ba224db2a08e1cd7/toevanen},
  interhash = {2eaa7d724ee493c2791e0435d300a1bd},
  intrahash = {41c07e88cb7d7974ba224db2a08e1cd7},
  keywords = {book optimization},
  publisher = {Kluwer Academic Publishers, Boston},
  timestamp = {2010-11-13T10:04:19.000+0100},
  title = {Nonlinear multiobjective optimization},
  year = 1999
}

@article{zhang2008multiobjective,
  title={Multiobjective optimization test instances for the CEC 2009 special session and competition},
  author={Zhang, Qingfu and Zhou, Aimin and Zhao, Shizheng and Suganthan, Ponnuthurai Nagaratnam and Liu, Wudong and Tiwari, Santosh},
  journal={University of Essex, Colchester, UK and Nanyang technological University, Singapore, special session on performance assessment of multi-objective optimization algorithms, technical report},
  volume={264},
  year={2008}
}


@INPROCEEDINGS{7748353,
author={C. He and L. Panf and H. Xu and Y. Tian and X. Zhang},
booktitle={2016 IEEE Congress on Evolutionary Computation (CEC)},
title={An improved reference point sampling method on Pareto optimal front},
year={2016},
pages={5230-5237},
keywords={Pareto optimisation;evolutionary computation;sampling methods;vectors;Pareto optimal front;multiobjective evolutionary algorithms;performance metrics;reference point sampling method;uniformly distributed weight vectors;Convergence;Euclidean distance;Evolutionary computation;Optimization;Sampling methods;Shape},
doi={10.1109/CEC.2016.7748353},
month={July},}

@ARTICLE{6595549,
author={H. L. Liu and F. Gu and Q. Zhang},
journal={IEEE Transactions on Evolutionary Computation},
title={Decomposition of a Multiobjective Optimization Problem Into a Number of Simple Multiobjective Subproblems},
year={2014},
volume={18},
number={3},
pages={450-455},
keywords={evolutionary computation;optimisation;MOEA-D-M2M;MOP;NSGA-II;classic MOEA/D;multiobjective optimization evolutionary algorithm-based decomposition;population diversity;Approximation algorithms;Approximation methods;Linear programming;Optimization;Sociology;Statistics;Vectors;Decomposition;Multiobjective optimization;decomposition;hybrid algorithms;multiobjective optimization},
doi={10.1109/TEVC.2013.2281533},
ISSN={1089-778X},
month={June},}

@article{Giagkiozis2014363,
title = "Generalized decomposition and cross entropy methods for many-objective optimization ",
journal = "Information Sciences ",
volume = "282",
number = "",
pages = "363 - 387",
year = "2014",
note = "",
issn = "0020-0255",
doi = "https://doi.org/10.1016/j.ins.2014.05.045",
url = "http://www.sciencedirect.com/science/article/pii/S0020025514006057",
author = "I. Giagkiozis and R.C. Purshouse and P.J. Fleming",
keywords = "Generalized decomposition",
keywords = "Many-objective optimization",
keywords = "Decomposition method",
keywords = "Cross entropy method",
keywords = "Convex optimization "
}

@ARTICLE{6600851,
author={K. Deb and H. Jain},
journal={IEEE Transactions on Evolutionary Computation},
title={An Evolutionary Many-Objective Optimization Algorithm Using Reference-Point-Based Nondominated Sorting Approach, Part I: Solving Problems With Box Constraints},
year={2014},
volume={18},
number={4},
pages={577-601},
keywords={genetic algorithms;sorting;EMO algorithms;MOEA/D methods;NSGA-II framework;NSGA-III;box constraints;evolutionary many-objective optimization algorithm;evolutionary multiobjective optimization algorithms;many-objective optimization problems;many-objective test problems;reference points;reference-point-based many-objective evolutionary algorithm;reference-point-based nondominated sorting approach;unconstrained problems;Educational institutions;Measurement;Optimization;Sociology;Statistics;Vectors;Zirconium;Evolutionary computation;Many-objective optimization;NSGA-III;evolutionary computation;large dimension;many-objective optimization;multi-criterion optimization;multicriterion optimization;non-dominated sorting;nondominated sorting},
doi={10.1109/TEVC.2013.2281535},
ISSN={1089-778X},
month={Aug},}

@inbook{a0ecee762d9f4867a9ded8de598c732e,
title = "U-NSGA-III: A unified evolutionary optimization procedure for single, multiple, and many objectives: Proof-of-principle results",
keywords = "Many-objective optimization, Mono-objective optimization, Multi-objective optimization, NSGA-II, NSGA-III, Unified algorithms",
author = "Haitham Seada and Kalyanmoy Deb",
year = "2015",
doi = "10.1007/978-3-319-15892-1_3",
isbn = "9783319158914",
volume = "9019",
series = "Lecture Notes in Computer Science (including subseries Lecture Notes in Artificial Intelligence and Lecture Notes in Bioinformatics)",
publisher = "Springer Verlag",
pages = "34--49",
booktitle = "Lecture Notes in Computer Science (including subseries Lecture Notes in Artificial Intelligence and Lecture Notes in Bioinformatics)",
}

@INPROCEEDINGS{7257251,
author={H. Seada and K. Deb},
booktitle={2015 IEEE Congress on Evolutionary Computation (CEC)},
title={Effect of selection operator on NSGA-III in single, multi, and many-objective optimization},
year={2015},
pages={2915-2922},
keywords={genetic algorithms;mathematical operators;U-NSGA-III;decomposition-based elitist nondominated sorting genetic algorithm;many-objective optimization;multifold NSGA-III;multiobjective optimization;multiple population;niching based selection operator;population size;problem dimensionality;reference direction;single-fold restriction;single-objective optimization;unified algorithm;Algorithm design and analysis;Convergence;Evolutionary computation;Optimization;Sociology;Sorting;Statistics},
doi={10.1109/CEC.2015.7257251},
ISSN={1089-778X},
month={May},}

@ARTICLE{4358754,
author={Q. Zhang and H. Li},
journal={IEEE Transactions on Evolutionary Computation},
title={MOEA/D: A Multiobjective Evolutionary Algorithm Based on Decomposition},
year={2007},
volume={11},
number={6},
pages={712-731},
keywords={computational complexity;genetic algorithms;computational complexity;decomposition;genetic algorithm;knapsack problem;multiobjective evolutionary algorithm;scalar optimization subproblem;Computational complexity;Pareto optimality;decomposition;evolutionary algorithm;multiobjective optimization},
doi={10.1109/TEVC.2007.892759},
ISSN={1089-778X},
month={Dec},}

@INPROCEEDINGS{5585957,
author={B. Liu and F. V. Fernandez and Q. Zhang and M. Pak and S. Sipahi and G. Gielen},
booktitle={IEEE Congress on Evolutionary Computation},
title={An enhanced MOEA/D-DE and its application to multiobjective analog cell sizing},
year={2010},
pages={1-7},
keywords={Pareto optimisation;differential equations;evolutionary computation;search problems;Pareto optimal set;decomposition;differential evolution;multiobjective analog cell sizing;multiobjective evolutionary algorithm;multiobjective problem;replacement mechanism;scalar optimization sub-problem;search engine;Approximation algorithms;Approximation methods;Benchmark testing;Evolutionary computation;Maintenance engineering;Optimization;Search engines},
doi={10.1109/CEC.2010.5585957},
ISSN={1089-778X},
month={July},}

@INPROCEEDINGS{5949789,
author={T. C. Chiang and Y. P. Lai},
booktitle={2011 IEEE Congress of Evolutionary Computation (CEC)},
title={MOEA/D-AMS: Improving MOEA/D by an adaptive mating selection mechanism},
year={2011},
pages={1473-1480},
keywords={Pareto optimisation;evolutionary computation;MOEA-D-AMS;Pareto optimal solutions;adaptive mating selection mechanism;distributed weight vectors;multiobjective evolutionary algorithm;Approximation algorithms;Benchmark testing;Cascading style sheets;Evolutionary computation;Measurement;Optimization;Vectors;evolutionary algorithm;mating pool;mating selection;multiobjective optimization;scalarization;subproblem},
doi={10.1109/CEC.2011.5949789},
ISSN={1089-778X},
month={June},}

@ARTICLE{6151117,
author={S. Z. Zhao and P. N. Suganthan and Q. Zhang},
journal={IEEE Transactions on Evolutionary Computation},
title={Decomposition-Based Multiobjective Evolutionary Algorithm With an Ensemble of Neighborhood Sizes},
year={2012},
volume={16},
number={3},
pages={442-446},
keywords={evolutionary computation;decomposition-based multiobjective evolutionary algorithm;multiobjective optimization algorithm competition;neighborhood sizes;online self-adaptation;Approximation algorithms;Educational institutions;Evolutionary computation;Heuristic algorithms;Pareto optimization;Vectors;Decomposition;multiobjective optimization;self-adaptation},
doi={10.1109/TEVC.2011.2166159},
ISSN={1089-778X},
month={June},}

@article{Ma:2014:MOL:2723918.2724428,
 author = {Ma, Xiaoliang and Liu, Fang and Qi, Yutao and Gong, Maoguo and Yin, Minglei and Li, Lingling and Jiao, Licheng and Wu, Jianshe},
 title = {MOEA/D with Opposition-based Learning for Multiobjective Optimization Problem},
 journal = {Neurocomput.},
 issue_date = {December, 2014},
 volume = {146},
 number = {C},
 month = oct,
 year = {2014},
 issn = {0925-2312},
 pages = {48--64},
 numpages = {17},
 url = {http://dx.doi.org/10.1016/j.neucom.2014.04.068},
 doi = {10.1016/j.neucom.2014.04.068},
 acmid = {2724428},
 publisher = {Elsevier Science Publishers B. V.},
 address = {Amsterdam, The Netherlands, The Netherlands},
 keywords = {Decomposition, Evolutionary algorithm, Multi-objective optimization, Opposition-based learning},} 
 
 @article{doi:10.1162/EVCOa00109,
author = {Yutao Qi and Xiaoliang Ma and Fang Liu and Licheng Jiao and Jianyong Sun and Jianshe Wu},
title = {MOEA/D with Adaptive Weight Adjustment},
journal = {Evolutionary Computation},
volume = {22},
number = {2},
pages = {231-264},
year = {2014},
doi = {10.1162/EVCO\_a\_00109},
    note ={PMID: 23777254},

URL = { 
        http://dx.doi.org/10.1162/EVCO_a_00109
    
},
eprint = { 
        http://dx.doi.org/10.1162/EVCO_a_00109   
}
,
}
@INPROCEEDINGS{1631345,
author={H. R. Tizhoosh},
booktitle={International Conference on Computational Intelligence for Modelling, Control and Automation and International Conference on Intelligent Agents, Web Technologies and Internet Commerce (CIMCA-IAWTIC'06)},
title={Opposition-Based Learning: A New Scheme for Machine Intelligence},
year={2005},
volume={1},
pages={695-701},
keywords={estimation theory;learning (artificial intelligence);optimisation;search problems;machine intelligence;opposition-based learning;Biological neural networks;Computational intelligence;Genetic algorithms;Humans;Intelligent agent;Internet;Learning systems;Machine intelligence;Machine learning;Neural networks},
doi={10.1109/CIMCA.2005.1631345},
month={Nov},}

@inproceedings{Kramer:2010:DMN:1830483.1830575,
 author = {Kramer, Oliver and Danielsiek, Holger},
 title = {DBSCAN-based Multi-objective Niching to Approximate Equivalent Pareto-subsets},
 booktitle = {Proceedings of the 12th Annual Conference on Genetic and Evolutionary Computation},
 series = {GECCO '10},
 year = {2010},
 isbn = {978-1-4503-0072-8},
 location = {Portland, Oregon, USA},
 pages = {503--510},
 numpages = {8},
 url = {http://doi.acm.org/10.1145/1830483.1830575},
 doi = {10.1145/1830483.1830575},
 acmid = {1830575},
 publisher = {ACM},
 address = {New York, NY, USA},
 keywords = {hybrid evolutionary multiobjective algorithm, hybrid metaheuristics, local search, memetic algorithms},
} 

@Inbook{Shir2009,
author="Shir, Ofer M.
and Preuss, Mike
and Naujoks, Boris
and Emmerich, Michael",
editor="Ehrgott, Matthias
and Fonseca, Carlos M.
and Gandibleux, Xavier
and Hao, Jin-Kao
and Sevaux, Marc",
title="Enhancing Decision Space Diversity in Evolutionary Multiobjective Algorithms",
bookTitle="Evolutionary Multi-Criterion Optimization: 5th International Conference, EMO 2009, Nantes, France, April 7-10, 2009. Proceedings",
year="2009",
publisher="Springer Berlin Heidelberg",
address="Berlin, Heidelberg",
pages="95--109",
isbn="978-3-642-01020-0",
doi="10.1007/978-3-642-01020-0_12",
url="http://dx.doi.org/10.1007/978-3-642-01020-0_12"
}

@article{ahrari2016multimodal,
  title={Multimodal Optimization by Covariance Matrix Self-Adaptation Evolution Strategy with Repelling Subpopulations},
  author={Ahrari, Ali and Deb, Kalyanmoy and Preuss, Mike},
  journal={Evolutionary computation},
  year={2016},
  publisher={MIT Press}
}

@article{Das:1998:NIN:588907.589322,
 author = {Das, Indraneel and Dennis, J. E.},
 title = {Normal-Boundary Intersection: A New Method for Generating the Pareto Surface in Nonlinear Multicriteria Optimization Problems},
 journal = {SIAM J. on Optimization},
 issue_date = {1998},
 volume = {8},
 number = {3},
 month = mar,
 year = {1998},
 issn = {1052-6234},
 pages = {631--657},
 numpages = {27},
 url = {http://dx.doi.org/10.1137/S1052623496307510},
 doi = {10.1137/S1052623496307510},
 acmid = {589322},
 publisher = {Society for Industrial and Applied Mathematics},
 address = {Philadelphia, PA, USA},
 keywords = {Pareto set, multicriteria optimization, multiobjective optimization, trade-off curve},
} 

@Article{Messac2003,
author="Messac, A.
and Ismail-Yahaya, A.
and Mattson, C.A.",
title="The normalized normal constraint method for generating the Pareto frontier",
journal="Structural and Multidisciplinary Optimization",
year="2003",
month="Jul",
day="01",
volume="25",
number="2",
pages="86--98",
issn="1615-1488",
doi="10.1007/s00158-002-0276-1",
url="http://dx.doi.org/10.1007/s00158-002-0276-1"
}

@book{Holland:1992:ANA:531075,
 author = {Holland, John H.},
 title = {Adaptation in Natural and Artificial Systems: An Introductory Analysis with Applications to Biology, Control and Artificial Intelligence},
 year = {1992},
 isbn = {0262082136},
 publisher = {MIT Press},
 address = {Cambridge, MA, USA},
} 

@inproceedings{jain2013improved,
  title={An improved adaptive approach for elitist nondominated sorting genetic algorithm for many-objective optimization},
  author={Jain, Himanshu and Deb, Kalyanmoy},
  booktitle={International Conference on Evolutionary Multi-Criterion Optimization},
  pages={307--321},
  year={2013},
  organization={Springer}
}

@article{goldberg1988genetic,
  title={Genetic algorithms and machine learning},
  author={Goldberg, David E and Holland, John H},
  journal={Machine learning},
  volume={3},
  number={2},
  pages={95--99},
  year={1988},
  publisher={Springer}
}

@article{trivedi2017survey,
  title={A survey of multiobjective evolutionary algorithms based on decomposition},
  author={Trivedi, Anupam and Srinivasan, Dipti and Sanyal, Krishnendu and Ghosh, Abhiroop},
  journal={IEEE Transactions on Evolutionary Computation},
  volume={21},
  number={3},
  pages={440--462},
  year={2017},
  publisher={IEEE}
}

@article{tan2013moea,
  title={MOEA/D+ uniform design: A new version of MOEA/D for optimization problems with many objectives},
  author={Tan, Yan-Yan and Jiao, Yong-Chang and Li, Hong and Wang, Xin-Kuan},
  journal={Computers \& Operations Research},
  volume={40},
  number={6},
  pages={1648--1660},
  year={2013},
  publisher={Elsevier}
}
%%%%parallel command
@article{Tange2011a,
  title = {GNU Parallel - The Command-Line Power Tool},
  author = {O. Tange},
  address = {Frederiksberg, Denmark},
  journal = {;login: The USENIX Magazine},
  month = {Feb},
  number = {1},
  volume = {36},
  url = {http://www.gnu.org/s/parallel},
  year = {2011},
  pages = {42-47},
  doi = {http://dx.doi.org/10.5281/zenodo.16303}
}

@article{mahalanobis1936generalised,
  title={On the generalised distance in statistics},
  author={Mahalanobis, Prasanta Chandra},
  journal={Proceedings of the National Institute of Sciences of India, 1936},
  pages={49--55},
  year={1936}
}

@article{Matsumoto:1998:MTE:272991.272995,
 author = {Matsumoto, Makoto and Nishimura, Takuji},
 title = {Mersenne Twister: A 623-dimensionally Equidistributed Uniform Pseudo-random Number Generator},
 journal = {ACM Trans. Model. Comput. Simul.},
 issue_date = {Jan. 1998},
 volume = {8},
 number = {1},
 month = jan,
 year = {1998},
 issn = {1049-3301},
 pages = {3--30},
 numpages = {28},
 url = {http://doi.acm.org/10.1145/272991.272995},
 doi = {10.1145/272991.272995},
 acmid = {272995},
 publisher = {ACM},
 address = {New York, NY, USA},
 keywords = {k-distribution, m-sequences, GFSR, MT19937, Mersenne primes, Mersenne twister, TGFSR, finite fields, incomplete array, inversive-decimation method, multiple-recursive matrix method, primitive polynomials, random number generation, tempering},
} 

@article{li2015evolutionary,
  title={An evolutionary many-objective optimization algorithm based on dominance and decomposition},
  author={Li, Ke and Deb, Kalyanmoy and Zhang, Qingfu and Kwong, Sam},
  journal={IEEE Transactions on Evolutionary Computation},
  volume={19},
  number={5},
  pages={694--716},
  year={2015},
  publisher={IEEE}
}

@article{fang2002centered,
  title={Centered 𝐿₂-discrepancy of random sampling and Latin hypercube design, and construction of uniform designs},
  author={Fang, Kai-Tai and Ma, Chang-Xing and Winker, Peter},
  journal={Mathematics of Computation},
  volume={71},
  number={237},
  pages={275--296},
  year={2002}
}

@article{fang2000uniform,
  title={Uniform design: theory and application},
  author={Fang, Kai-Tai and Lin, Dennis KJ and Winker, Peter and Zhang, Yong},
  journal={Technometrics},
  volume={42},
  number={3},
  pages={237--248},
  year={2000},
  publisher={Taylor \& Francis Group}
}

@article{hardin2004discretizing,
  title={Discretizing manifolds via minimum energy points},
  author={Hardin, DP and Saff, EB},
  journal={Notices of the AMS},
  volume={51},
  number={10},
  pages={1186--1194},
  year={2004}
}
